@inproceedings{maskrcnn,
  author    = {K. He and G. Gkioxari and P. Dollar and and R. Girshick},
  title     = {Mask R-CNN},
  date		= "2017",
  booktitle	= "Proceedings of the International Conference on Computer Vision (2017)",
}

@inproceedings{staticfusion,
	author		= "R. Scona and M. Jaimez and Y. R. Petillot and M. Fallon and D. Cremers",
	title		= "StaticFusion:  Background  reconstruction  for  dense  rgb-d  slam  in dynamic  environments",
	date		= "2013",
    booktitle	= "Proceedings of the IEEE International Conference on Robotics and Automation (2018)",
}

@inproceedings{dynamicfusion,
	author		= "R. Newcombe and D. Fox and S. M. Seitz",
	title		= "DynamicFusion: Reconstruction and tracking of non-rigid scenes in real-time",
	date		= "2015",
    booktitle	= "Proc. IEEE Conf. Comput. Vision Pattern Recog. (2015)",
    pages		= "343-352"
}

@inproceedings{fusion4d,
	author		= "M. Dou and S. Khamis and Y. Degtyarev and P. Davidson and S. Fanello and A. Kow-dle and S. Orts Escolano and C. Rhemann and D. Kim and J. Taylor and P. Kohli and V. Tankovich and S. Izadi",
	title		= "Fusion4d: Real-time performance capture of challenging scenes",
	date		= "2016",
    booktitle	= "ACM SIGGRAPH Conference on Computer Graphics and Interactive Techniques (2016)",
}

@article{cofusion,
	author		= "M. Runz and L. Agapito",
	title		= "Co-fusion: Real-time segmentation, tracking and fusion of multiple objects",
	date		= "2017",
    booktitle	= "2017 IEEE International Conference on Robotics and Automation (ICRA)",
}

@article{maskfusion,
  author    = {M. Runz and L. Agapito},
  title     = {Maskfusion: Real-time recognition, tracking and reconstruction of multiple moving objects},
  journal   = {ArXiv preprint},
  year      = {2018},
}

@article{midfusion,
  author    = {B. Xu and W. Li and D. Tzoumanikas and M. Bloesch and A. J. Davison and S. Leutenegger},
  title     = {MID-Fusion: Octree-based Object-Level Multi-Instance Dynamic {SLAM}},
  journal   = {CoRR},
  volume    = {abs/1812.07976},
  year      = {2018},
}

@article{resnet,
  title={Deep Residual Learning for Image Recognition},
  author={Kaiming He and Xiangyu Zhang and Shaoqing Ren and Jian Sun},
  journal={2016 IEEE Conference on Computer Vision and Pattern Recognition (CVPR)},
  year={2016},
  pages={770-778}
}

@inproceedings{inceptionv4,
  title={Inception-v4, Inception-ResNet and the Impact of Residual Connections on Learning},
  author={Christian Szegedy and Sergey Ioffe and Vincent Vanhoucke},
  booktitle={AAAI},
  year={2016}
}

@InProceedings{spp,
author="He, Kaiming
and Zhang, Xiangyu
and Ren, Shaoqing
and Sun, Jian",
editor="Fleet, David
and Pajdla, Tomas
and Schiele, Bernt
and Tuytelaars, Tinne",
title="Spatial Pyramid Pooling in Deep Convolutional Networks for Visual Recognition",
booktitle="Computer Vision -- ECCV 2014",
year="2014",
publisher="Springer International Publishing",
pages="346--361",
}

@article{revisitingresnets,
author = {Wu, Zifeng and Shen, Chunhua and Hengel, Anton},
year = {2016},
month = {11},
pages = {},
title = {Wider or Deeper: Revisiting the ResNet Model for Visual Recognition},
volume = {90},
journal = {Pattern Recognition},
}

@inproceedings{deeplabv3+,
  title={Encoder-Decoder with Atrous Separable Convolution for Semantic Image Segmentation},
  author={Liang-Chieh Chen and Yukun Zhu and George Papandreou and Florian Schroff and Hartwig Adam},
  booktitle={ECCV},
  year={2018}
}

@INPROCEEDINGS{rcnn,
author={R. {Girshick} and J. {Donahue} and T. {Darrell} and J. {Malik}},
booktitle={2014 IEEE Conference on Computer Vision and Pattern Recognition},
title={Rich Feature Hierarchies for Accurate Object Detection and Semantic Segmentation},
year={2014},
volume={},
number={},
pages={580-587},
month={June}
}

@inproceedings{fastrcnn,
 author = {Girshick, Ross},
 title = {Fast R-CNN},
 booktitle = {Proceedings of the 2015 IEEE International Conference on Computer Vision (ICCV)},
 series = {ICCV '15},
 year = {2015},
 isbn = {978-1-4673-8391-2},
 pages = {1440--1448},
 publisher = {IEEE Computer Society},
 address = {Washington, DC, USA},
}

@inproceedings{fasterrcnn,
 author = {Ren, Shaoqing and He, Kaiming and Girshick, Ross and Sun, Jian},
 title = {Faster R-CNN: Towards Real-time Object Detection with Region Proposal Networks},
 booktitle = {Proceedings of the 28th International Conference on Neural Information Processing Systems - Volume 1},
 series = {NIPS'15},
 year = {2015},
 location = {Montreal, Canada},
 pages = {91--99},
 publisher = {MIT Press},
 address = {Cambridge, MA, USA},
}

@article{panet,
  title={Path Aggregation Network for Instance Segmentation},
  author={Shu Liu and Lu Qi and Haifang Qin and Jianping Shi and Jiaya Jia},
  journal={2018 IEEE/CVF Conference on Computer Vision and Pattern Recognition},
  year={2018},
  pages={8759-8768}
}

@article{semiconvolutional,
  author    = {David Novotn{\'{y}} and
               Samuel Albanie and
               Diane Larlus and
               Andrea Vedaldi},
  title     = {Semi-convolutional Operators for Instance Segmentation},
  journal   = {CoRR},
  volume    = {abs/1807.10712},
  year      = {2018},
}

@article{yolo,
  title={You Only Look Once: Unified, Real-Time Object Detection},
  author={Joseph Redmon and Santosh Kumar Divvala and Ross B. Girshick and Ali Farhadi},
  journal={2016 IEEE Conference on Computer Vision and Pattern Recognition (CVPR)},
  year={2016},
  pages={779-788}
}

@article{yolo9000,
  title={YOLO9000: Better, Faster, Stronger},
  author={Joseph Redmon and Ali Farhadi},
  journal={2017 IEEE Conference on Computer Vision and Pattern Recognition (CVPR)},
  year={2017},
  pages={6517-6525}
}

@article{yolov3,
  author    = {Joseph Redmon and
               Ali Farhadi},
  title     = {YOLOv3: An Incremental Improvement},
  journal   = {CoRR},
  volume    = {abs/1804.02767},
  year      = {2018},
}

@inproceedings{ssd,
  title={SSD: Single Shot MultiBox Detector},
  author={Wei Liu and Dragomir Anguelov and Dumitru Erhan and Christian Szegedy and Scott E. Reed and Cheng-Yang Fu and Alexander C. Berg},
  booktitle={ECCV},
  year={2016}
}

@article{yolact,
  title={YOLACT: Real-time Instance Segmentation},
  author={Daniel Bolya and Chong Zhou and Fanyi Xiao and Yong Jae Lee},
  journal={CoRR},
  year={2019},
  volume={abs/1904.02689}
}

@article{deepwatershed,
  title={Deep Watershed Transform for Instance Segmentation},
  author={Min Bai and Raquel Urtasun},
  journal={2017 IEEE Conference on Computer Vision and Pattern Recognition (CVPR)},
  year={2017},
  pages={2858-2866}
}

@INPROCEEDINGS{cnn,
    author = {Yann Lecun and LÃ©on Bottou and Yoshua Bengio and Patrick Haffner},
    title = {Gradient-based learning applied to document recognition},
    booktitle = {Proceedings of the IEEE},
    year = {1998},
    pages = {2278--2324}
}

@misc{encdec,
  title = {Learning Deconvolution Network for Semantic Segmentation},
  howpublished = {\url{http://cvlab.postech.ac.kr/research/deconvnet/}},
  note = {Accessed: 2019-06-05}
}